@book{Eis1,
	  author = {Eisenbud, David},
	  title = {Commutative Algebra},
	  year = {1995},
	  publisher = {Springer-Verlag},
	  series = {Graduate Texts in Mathematics},
	  volume = {150},
}
@BOOK{Eis2,
	AUTHOR = {Eisenbud, David},
	YEAR = {2006},
	TITLE = {The Geometry of Syzygies - A Second Course in Algebraic Geometry and Commutative Algebra},
	EDITION = {},
	ISBN = {978-0-387-26456-1},
	PUBLISHER = {Springer Science & Business Media},
	ADDRESS = {Berlin Heidelberg},
}
